@article{becker2008a,
  author = {Steffen Becker and Heiko Koziolek and Ralf Reussner},
  title = {{The Palladio Component Model for Model-driven Performance Prediction}},
  journal = {Journal of Systems and Software},
  year = {2009},
  volume = {82},
  pages = {3--22},
  doi = {10.1016/j.jss.2008.03.066},
  publisher = {Elsevier Science Inc.},
  url = {http://dx.doi.org/10.1016/j.jss.2008.03.066}
}

@article{mittelbach2014,
  author = {Frank Mittelbach},
  title = {How to influence the position of float environments like figure and table in \LaTeX?},
  journal = {TUGboat},
  year = {2014},
  volume = {35},
  pages = {248--254},
  url = {https://www.latex-project.org/publications/tb111mitt-float.pdf},
}

@article{chen2010new,
  title={A new SAT encoding of the at-most-one constraint},
  author={Chen, Jingchao},
  journal={Proc. Constraint Modelling and Reformulation},
  year={2010}
}

@book{biere2009handbook,
  title={Handbook of satisfiability},
  author={Biere, Armin and Heule, Marijn and van Maaren, Hans},
  volume={185},
  year={2009},
  publisher={IOS press}
}

@inproceedings{een2003extensible,
  title={An extensible SAT-solver},
  author={E{\'e}n, Niklas and S{\"o}rensson, Niklas},
  booktitle={International conference on theory and applications of satisfiability testing},
  pages={502--518},
  year={2003},
  organization={Springer}
}

@inproceedings{moskewicz2001chaff,
  title={Chaff: Engineering an efficient SAT solver},
  author={Moskewicz, Matthew W and Madigan, Conor F and Zhao, Ying and Zhang, Lintao and Malik, Sharad},
  booktitle={Proceedings of the 38th annual Design Automation Conference},
  pages={530--535},
  year={2001}
}

@inproceedings{audemard2009predicting,
  title={Predicting learnt clauses quality in modern SAT solvers},
  author={Audemard, Gilles and Simon, Laurent},
  booktitle={Twenty-first International Joint Conference on Artificial Intelligence},
  year={2009}
}

@inproceedings{BiereFazekasFleuryHeisinger-SAT-Competition-2020-solvers,
    author    = {Armin Biere and Katalin Fazekas and Mathias Fleury and Maximillian Heisinger},
    title     = {{CaDiCaL}, {Kissat}, {Paracooba}, {Plingeling} and {Treengeling} Entering the {SAT Competition 2020}},
    pages     = {51--53},
    editor    = {Tomas Balyo and Nils Froleyks and Marijn Heule and 
		 Markus Iser and Matti J{\"a}rvisalo and Martin Suda},
    booktitle = {Proc.~of {SAT Competition} 2020 -- Solver and Benchmark Descriptions},
    volume    = {B-2020-1},
    series    = {Department of Computer Science Report Series B},
    publisher = {University of Helsinki},
    year      = 2020,
}

@inproceedings{Biere-SAT-Competition-2017-solvers,
  author    = {Biere, Armin},
  title     = {{CaDiCaL, Lingeling, Plingeling, Treengeling, YalSAT Entering the SAT Competition 2017}},
  pages     = {14-15},
  booktitle = {Proc.~of {SAT Competition} 2017 -- Solver and Benchmark Descriptions},
  editor    = {Tom\'{a}\v{s} Balyo and Marijn Heule and Matti J{\"a}rvisalo},
  volume    = {B-2017-1},
  series    = {Department of Computer Science Series of Publications B},
  publisher = {University of Helsinki},
  year      = 2017,
}

@phdthesis{ryan2004efficient,
  title={Efficient algorithms for clause-learning SAT solvers},
  author={Ryan, Lawrence},
  year={2004},
  school={Theses (School of Computing Science)/Simon Fraser University}
}

@inproceedings{biere2014detecting,
  title={Detecting cardinality constraints in CNF},
  author={Biere, Armin and Le Berre, Daniel and Lonca, Emmanuel and Manthey, Norbert},
  booktitle={International Conference on Theory and Applications of Satisfiability Testing},
  pages={285--301},
  year={2014},
  organization={Springer}
}

@inproceedings{marques1999impact,
  title={The impact of branching heuristics in propositional satisfiability algorithms},
  author={Marques-Silva, Joao},
  booktitle={Portuguese Conference on Artificial Intelligence},
  pages={62--74},
  year={1999},
  organization={Springer}
}

@inproceedings{biere2015evaluating,
  title={Evaluating CDCL variable scoring schemes},
  author={Biere, Armin and Fr{\"o}hlich, Andreas},
  booktitle={International conference on theory and applications of satisfiability testing},
  pages={405--422},
  year={2015},
  organization={Springer}
}

@article{biere2015evaluatingRestarts,
  title={Evaluating CDCL restart schemes},
  author={Biere, Armin and Fr{\"o}hlich, Andreas},
  journal={Proceedings of Pragmatics of SAT},
  pages={1--17},
  year={2015}
}

@inproceedings{biere2008adaptive,
  title={Adaptive restart strategies for conflict driven SAT solvers},
  author={Biere, Armin},
  booktitle={International Conference on Theory and Applications of Satisfiability Testing},
  pages={28--33},
  year={2008},
  organization={Springer}
}

@article{nieuwenhuis2006solving,
  title={Solving SAT and SAT modulo theories: From an abstract Davis--Putnam--Logemann--Loveland procedure to DPLL (T)},
  author={Nieuwenhuis, Robert and Oliveras, Albert and Tinelli, Cesare},
  journal={Journal of the ACM (JACM)},
  volume={53},
  number={6},
  pages={937--977},
  year={2006},
  publisher={ACM New York, NY, USA}
}

@inproceedings{abio2013encode,
  title={To encode or to propagate? The best choice for each constraint in SAT},
  author={Abio, Ignasi and Nieuwenhuis, Robert and Oliveras, Albert and Rodriguez-Carbonell, Enric and Stuckey, Peter J},
  booktitle={International Conference on Principles and Practice of Constraint Programming},
  pages={97--106},
  year={2013},
  organization={Springer}
}

@article{le2010sat4j,
  title={The Sat4j library 2.2, System Description},
  author={Le Berre, Daniel and Parrain, Anne},
  journal={Journal on Satisfiability, Boolean Modeling and Computation To appear},
  year={2010}
}

@inproceedings{huang2007effect,
  title={The Effect of Restarts on the Efficiency of Clause Learning.},
  author={Huang, Jinbo and others},
  booktitle={IJCAI},
  volume={7},
  pages={2318--2323},
  year={2007}
}

@article{luby1993optimal,
  title={Optimal speedup of Las Vegas algorithms},
  author={Luby, Michael and Sinclair, Alistair and Zuckerman, David},
  journal={Information Processing Letters},
  volume={47},
  number={4},
  pages={173--180},
  year={1993},
  publisher={Elsevier}
}

@inproceedings{sinz2005towards,
  title={Towards an optimal CNF encoding of boolean cardinality constraints},
  author={Sinz, Carsten},
  booktitle={International conference on principles and practice of constraint programming},
  pages={827--831},
  year={2005},
  organization={Springer}
}

@inproceedings{gent1994sat,
  title={The SAT phase transition},
  author={Gent, Ian P and Walsh, Toby},
  booktitle={ECAI},
  volume={94},
  pages={105--109},
  year={1994},
  organization={PITMAN}
}
